@article{greenwade93,
    author  = "George D. Greenwade",
    title   = "The {C}omprehensive {T}ex {A}rchive {N}etwork ({CTAN})",
    year    = "1993",
    journal = "TUGBoat",
    volume  = "14",
    number  = "3",
    pages   = "342--351"
}


Hypercube | computer science | Britannica. (n.d.). Retrieved November 1, 2023, from https://www.britannica.com/technology/hypercube

Steve J. Chapin, Walfredo Cirne, Dror G. Feitelson, James Patton Jones, Scott T. Leutenegger, Uwe Schwiegelshohn, Warren Smith, and David Talby, "Benchmarks and Standards for the Evaluation of Parallel Job Schedulers". In Job Scheduling Strategies for Parallel Processing, D. G. Feitelson and L. Rudolph (Eds.), Springer-Verlag, 1999, Lect. Notes Comput. Sci. vol. 1659, pp. 66-89; DOI 10.1007/3-540-47954-6_4.

Intel iPSC - Wikipedia. (n.d.). Retrieved November 1, 2023, from https://en.wikipedia.org/wiki/Intel_iPSC

D. G. Feitelson and B. Nitzberg, ``Job characteristics of a production parallel scientific workload on the NASA Ames iPSC/860''. In Job Scheduling Strategies for Parallel Processing, D. G. Feitelson and L. Rudolph (Eds.), Springer-Verlag, 1995, Lect. Notes Comput. Sci. vol. 949, pp. 337-360. 

Ramachandramurthi, S. (1996). iPSC/860 Guide. Computational Science Education Project at Oak Ridge National Laboratory. http://www.phy.ornl.gov/csep/CSEP/IP/IP.html